<?xml version="1.0" encoding="UTF-8"?><collection xmlns="http://www.loc.gov/MARC21/slim"><record><leader>00461nam--2200169-i-4500</leader><controlfield tag="001">000020916</controlfield><controlfield tag="002">20161230</controlfield><controlfield tag="005">20170118000222</controlfield><controlfield tag="008">060222s1000------------r-----000-0-eng-d</controlfield><datafield ind1=" " ind2=" " tag="080"><subfield code="a">621.039.7</subfield></datafield><datafield ind1=" " ind2=" " tag="100"><subfield code="a">Zamorani, E</subfield></datafield><datafield ind1=" " ind2=" " tag="245"><subfield code="a">The radioactive wastes and environment protection an overview</subfield></datafield><datafield ind1=" " ind2=" " tag="260"><subfield code="a">Luxembourg</subfield><subfield code="b">Commission Of The European Communities</subfield><subfield code="c">1992</subfield></datafield><datafield ind1=" " ind2=" " tag="300"><subfield code="a">24 p</subfield></datafield><datafield ind1=" " ind2=" " tag="490"><subfield code="a">Eur 14000</subfield></datafield><datafield ind1=" " ind2=" " tag="852"><subfield code="a">80212</subfield></datafield><datafield ind1=" " ind2=" " tag="CAT"><subfield code="a">SYS</subfield><subfield code="c">20170118</subfield><subfield code="h">000222</subfield></datafield></record></collection>